@misc{Cassie,
author = {Agility Robotics},
howpublished = {\url{http://www.agilityrobotics.com/robots/#cassie}},
title = {Cassie},
url = {http://www.agilityrobotics.com/robots/#cassie},
urldate = {2018-10-02},
year = {2018}
}
