@misc{HRP4,
author = {Kawada Industries},
howpublished = {\url{http://global.kawada.jp/mechatronics/hrp4.html}},
title = {Humanoid Robot Project HRP-4},
url = {http://global.kawada.jp/mechatronics/hrp4.html},
urldate = {2018-09-21},
year = {2018}
}
