@misc{Cassie,
author = {Agility Robotics},
howpublished = {\url{http://www.agilityrobotics.com/robots/#cassie}},
title = {Cassie},
url = {http://www.agilityrobotics.com/robots/#cassie},
urldate = {2018-10-02},
year = {2018}
}

@misc{VTquad,
author = {Virginia Tech Robotics and Mechatronics Lab},
howpublished = {\url{http://www.me.vt.edu/research/laboratories/rmlab/}},
title = {SimLab Quadruped},
url = {http://www.me.vt.edu/research/laboratories/rmlab/},
urldate = {2018-10-02},
year = {2018}
}

@misc{Flexpicker,
author = {ABB Robotics},
howpublished = {\url{https://new.abb.com/products/robotics/industrial-robots/irb-360}},
title = {IRB 360 FlexPicker},
url = {https://new.abb.com/products/robotics/industrial-robots/irb-360},
urldate = {2018-10-02},
year = {2018}
}

@book{Hespanha2009,
author = {Joao P. Hespanha},
title = {Linear Systems Theory},
publisher = {Princeton Press},
address =	{Princeton, New Jersey},
month =	{February},
year =	{2018},
note =	{ISBN13: 9780691179575}
}
